@article{perrett,
    author =       {Perrett K. and Sullivan M. and Conley A. and others},
    title =        "Evolution in the {V}olumetric {T}ype Ia Supernova {R}ate from the {S}upernova {L}egacy {S}urvey",
    journal =      "The Astronomical Journal",
    volume =       "144",
    number =       "2",
    year =         "2012",
    DOI =    "10.1088/0004-6256/144/2/59"
}
@article{davis,
    author =    {Davis T. M. and Hui  L. and Frieman J. A. and others},
    title =        "The Effect of Peculiar Velocities on Supernova Cosmology",
    journal =      "The Astronomical Journal",
    volume =       "741",
    number =       "1",
    year =         "2011",
   DOI =          "10.1088/0004-637X/741/1/67"
}
@article{hui,
    author =    {Hui L. and Greene, P. B.},
    title =        "Correlated fluctuations in luminosity distance and the importance of peculiar motion in supernova surveys",
    journal =      "Physical Review D",
    volume =       "73",
    number =       "12",
    year =         "2011",
   DOI =          "10.1103/PhysRevD.73.123526"
}
@article{howlett,
    author =    {Howlett C. and Robotham A. S. G. and Lagos and C. D. P. and Kim, A. G.},
    title =        "Measuring the {G}rowth {R}ate of {S}tructure with {T}ype {IA} Supernovae from {LSST}",
    journal =      "The Astronomical Journal",
    volume =       "847",
    number =       "2",
    year =         "2017",
   DOI =          "10.3847/1538-4357/aa88c8"
}
@article{lochner2016photometric,
    author =    {Lochner M. and McEwen J. D. and Peiris H. V. and Lahav O. and Winter, M. K.},
    title =        "{P}hotometric {S}upernova {C}lassification with {M}achine {L}earning",
    journal =      "The Astrophysical Journal Supplement Series",
    volume =       "225",
    number =       "2",
    year =         "2016",
   DOI =          "10.3847/0067-0049/225/2/31"
}
@article{descsrd,
    author =    {DESC Collaboration},
    title =        "The {LSST} Dark Energy Science Collaboration ({DESC}) Science Requirements Document",
    number =       "v1",
    year =         "2018",
}