@online{lsstSRD,
  title={LSST Science Requirements Document},
  author={Ivezi{\'c}, {\v{Z}.} and the LSST Science Collaboration},
  year = {2013},
  url = {http://ls.st/LPM-17}
}

@article{ivezic2008,
  title={LSST: from science drivers to reference design and anticipated data products},
  author={Ivezi\'c, \v{Z}. and Tyson, J.~A. and Acosta, E. and Allsman, R. and Anderson, S.~F. and Andrew, J. and Angel, J.~R.~P. and Axelrod, T.~S. and Barr, J.~D. and Becker, A.~C. and others},
  archivePrefix = "arXiv",
  eprint = {0805.2366v4},
  year={2008}
}

@article{abell2009,
  title={LSST Science Book, Version 2.0},
  author={Abell, P.~A. and Allison, J. and Anderson, S.~F. and Andrew, J.~R. and Angel, J.~R.~P. and Armus, L. and Arnett, D. and Asztalos, S.~J. and Axelrod, T.~S. and Bailey, S and others},
  archivePrefix = "arXiv",
  eprint = {0912.0201},
  year={2009}
}

@INPROCEEDINGS{delgado2014,
   author = {{Delgado}, F. and {Saha}, A. and {Chandrasekharan}, S. and {Cook}, K. and {Petry}, C. and {Ridgway}, S.},
    title = "{The LSST operations simulator}",
    series = {Society of Photo-Optical Instrumentation Engineers (SPIE) Conference Series},
    booktitle = {Modeling, Systems Engineering, and Project Management for Astronomy VI},
    editor = {George Z. Angeli and Philippe Dierickx},
    year = {2014},
    volume = 9150,
    eid = {915015},
    pages = {15},
    doi = {10.1117/12.2056898},
    adsurl = {http://adsabs.harvard.edu/abs/2014SPIE.9150E..15D},
   adsnote = {Provided by the SAO/NASA Astrophysics Data System}
}

@INPROCEEDINGS{jones2014,
   author = {{Jones}, R.~L. and {Yoachim}, P. and {Chandrasekharan}, S. and {Connolly}, A.~J. and {Cook}, K.~H. and {Ivezic}, {\v Z}. and  {Krughoff}, K.~S. and {Petry}, C. and {Ridgway}, S.~T.},
    title = "{The LSST metrics analysis framework (MAF)}",
    series = {Society of Photo-Optical Instrumentation Engineers (SPIE) Conference Series},
    booktitle = {Observatory Operations: Strategies, Processes, and Systems V},
    editor = {Alison B. Peck and Chris R. Benn and Robert L. Seaman},
    year = 2014,
    volume = 9149,
    eid = {91490B},
    pages = {0},
    doi = {10.1117/12.2056835},
    adsurl = {http://adsabs.harvard.edu/abs/2014SPIE.9149E..0BJ},
   adsnote = {Provided by the SAO/NASA Astrophysics Data System}
}


%% FOR SL SECTION %%%%%%


@Book{Maggiore,
  title     = {Gravitational Waves: Volume 1: Theory and Experiments},
  publisher = {OUP Oxford},
  year      = {2007},
  author    = {Maggiore, M.},
  isbn      = {9780198570745},
  lccn      = {2008270556},
  url       = {https://books.google.de/books?id=AqVpQgAACAAJ},
}

@Book{Carroll,
  title     = {Spacetime and Geometry: An Introduction to General Relativity},
  publisher = {Pearson Education, Limited},
  year      = {2013},
  author    = {Carroll, S.},
  series    = {Always learning},
  isbn      = {9781292026633},
  url       = {https://books.google.de/books?id=m75XngEACAAJ},
}

@Book{Fliesbach,
  title     = {Allgemeine Relativit{\"a}tstheorie},
  publisher = {Spektrum Akademischer Verlag},
  year      = {2012},
  author    = {Flie{\ss}bach, T.},
  series    = {SpringerLink : B{\"u}cher},
  isbn      = {9783827430328},
  url       = {https://books.google.de/books?id=-S4pBAAAQBAJ},
}

@Book{Jackson,
  title     = {Classical Electrodynamics},
  publisher = {Wiley},
  year      = {1998},
  author    = {Jackson, J.D.},
  isbn      = {9780471309321},
  lccn      = {97046873},
  url       = {https://books.google.de/books?id=tYEAkAEACAAJ},
}

@Misc{Ligo,
  author    = {LIGO Scientific Collaboration},
  title     = {{Beobachtung der Gravitationswellen von der Verschmelzung zweier schwarzer Löcher}},
  year      = {2016},
  timestamp = {07.09.2016},
  url       = {http://ligo.org/science/Publication-GW150914/science-summary-german.pdf},
}

@Misc{pdg2,
  author    = {K.A. Olive et al. (Particle Data Group)},
  title     = {Physical Constants},
  year      = {2015},
  timestamp = {07.09.2016},
  url       = {http://pdg.lbl.gov/2015/reviews/rpp2015-rev-phys-constants.pdf},
}


@Misc{pdg,

  author    = {K.A. Olive},

  title     = {Physical Constants},

  year      = {2015},

  timestamp = {07.09.2016},

  url       = {http://pdg.lbl.gov/2015/reviews/rpp2015-rev-astrophysical-constants.pdf},

}


@Article{Goldstein:2017bny,
  author        = {Goldstein, Daniel A. and Nugent, Peter E. and Kasen, Daniel N. and Collett, Thomas E.},
  title         = {{Precise Time Delays from Chromatically Microlensed Type Ia Supernovae}},
  year          = {2017},
  __markedentry = {[Simon:1]},
  archiveprefix = {arXiv},
  eprint        = {1708.00003},
  primaryclass  = {astro-ph.CO},
  slaccitation  = {%%CITATION = ARXIV:1708.00003;%%},
}

@Article{More:2016sys,
  author        = {More, Anupreeta and Suyu, Sherry H. and Oguri, Masamune and More, Surhud and Lee, Chien-Hsiu},
  title         = {{Interpreting the strongly lensed supernova iPTF16geu: time delay predictions, microlensing, and lensing rates}},
  journal       = {Astrophys. J.},
  year          = {2017},
  volume        = {835},
  number        = {2},
  pages         = {L25},
  __markedentry = {[Simon:1]},
  archiveprefix = {arXiv},
  doi           = {10.3847/2041-8213/835/2/L25},
  eprint        = {1611.04866},
  primaryclass  = {astro-ph.CO},
  slaccitation  = {%%CITATION = ARXIV:1611.04866;%%},
}

@Article{Vernardos:2015wta,
  author        = {Vernardos, Georgios and Fluke, Christopher J. and Bate, Nicholas F. and Croton, Darren and Vohl, Dany},
  title         = {{GERLUMPH Data Release 2: 2.5 billion simulated microlensing light curves}},
  journal       = {Astrophys. J. Suppl.},
  year          = {2015},
  volume        = {217},
  number        = {2},
  pages         = {23},
  archiveprefix = {arXiv},
  doi           = {10.1088/0067-0049/217/2/23},
  eprint        = {1503.00770},
  primaryclass  = {astro-ph.IM},
  slaccitation  = {%%CITATION = ARXIV:1503.00770;%%},
}


@Article{Suyu:2016qxx,

  author        = {Suyu, S. H. and others},

  title         = {{H0LiCOW – I. H0 Lenses in COSMOGRAIL's Wellspring: program overview}},

  journal       = {Mon. Not. Roy. Astron. Soc.},

  year          = {2017},

  volume        = {468},

  number        = {3},

  pages         = {2590-2604},

  archiveprefix = {arXiv},

  doi           = {10.1093/mnras/stx483},

  eprint        = {1607.00017},

  primaryclass  = {astro-ph.CO},

  slaccitation  = {%%CITATION = ARXIV:1607.00017;%%},

}



@Article{Ade:2015xua,

  author        = {Ade, P. A. R. and others},

  title         = {{Planck 2015 results. XIII. Cosmological parameters}},

  journal       = {Astron. Astrophys.},

  year          = {2016},

  volume        = {594},

  pages         = {A13},

  archiveprefix = {arXiv},

  collaboration = {Planck},

  doi           = {10.1051/0004-6361/201525830},

  eprint        = {1502.01589},

  primaryclass  = {astro-ph.CO},

  slaccitation  = {%%CITATION = ARXIV:1502.01589;%%},

}



@Article{Yahalomi:2017ihe,

  author        = {Yahalomi, Daniel A. and Schechter, Paul L. and Wambsganss, Joachim},

  title         = {{A Quadruply Lensed SN Ia: Gaining a Time-Delay...Losing a Standard Candle}},

  year          = {2017},

  archiveprefix = {arXiv},

  eprint        = {1711.07919},

  primaryclass  = {astro-ph.CO},

  slaccitation  = {%%CITATION = ARXIV:1711.07919;%%},

}



@Article{Goobar:2016uuf,

  author        = {Goobar, A. and others},

  title         = {{iPTF16geu: A multiply imaged, gravitationally lensed type Ia supernova}},

  journal       = {Science},

  year          = {2017},

  volume        = {356},

  pages         = {291-295},

  archiveprefix = {arXiv},

  doi           = {10.1126/science.aal2729},

  eprint        = {1611.00014},

  primaryclass  = {astro-ph.CO},

  slaccitation  = {%%CITATION = ARXIV:1611.00014;%%},

}



@Article{Kasen:2006ce,

  author        = {Kasen, Daniel and Thomas, R. C. and Nugent, Peter},

  title         = {{Time Dependent Monte Carlo Radiative Transfer Calculations For 3-Dimensional Supernova Spectra, Lightcurves, and Polarization}},

  journal       = {Astrophys. J.},

  year          = {2006},

  volume        = {651},

  pages         = {366-380},

  archiveprefix = {arXiv},

  doi           = {10.1086/506190},

  eprint        = {astro-ph/0606111},

  primaryclass  = {astro-ph},

  slaccitation  = {%%CITATION = ASTRO-PH/0606111;%%},

}



@Article{Kromer:2009ce,

  author        = {Kromer, M. and Sim},

  title         = {{Time-dependent three-dimensional spectrum synthesis for Type Ia supernovae}},

  journal       = {MNRAS},

  year          = {2009},

  volume        = {398},

  pages         = {1809-1826},

  archiveprefix = {arXiv},

  doi           = {10.1111/j.1365-2966.2009.15256.x},

  eprint        = {0906.3152},

  primaryclass  = {astro-ph.HE},

}



@Article{Ropke:2004ji,

  author        = {Ropke, Friedrich Konrad},

  title         = {{Following multi-dimensional Type Ia supernova explosion models to homologous expansion}},

  journal       = {Astron. Astrophys.},

  year          = {2005},

  volume        = {432},

  pages         = {969},

  archiveprefix = {arXiv},

  doi           = {10.1051/0004-6361:20041700},

  eprint        = {astro-ph/0408296},

  primaryclass  = {astro-ph},

  slaccitation  = {%%CITATION = ASTRO-PH/0408296;%%},

}



@Article{Vernardos:2013vma,

  author        = {Vernardos, Georgios and Fluke, Christopher J.},

  title         = {{A new parameter space study of cosmological microlensing}},

  journal       = {Mon. Not. Roy. Astron. Soc.},

  year          = {2013},

  volume        = {434},

  pages         = {832},

  archiveprefix = {arXiv},

  doi           = {10.1093/mnras/stt1076},

  eprint        = {1306.3722},

  primaryclass  = {astro-ph.CO},

  slaccitation  = {%%CITATION = ARXIV:1306.3722;%%},

}



@Article{Kayser:1986,

  author   = {{Kayser}, R. and {Refsdal}, S. and {Stabell}, R.},

  title    = {{Astrophysical applications of gravitational micro-lensing}},

  journal  = {Astronomy \& Astrophysics,},

  year     = {1986},

  volume   = {166},

  pages    = {36-52},

  month    = sep,

  adsnote  = {Provided by the SAO/NASA Astrophysics Data System},

  adsurl   = {http://adsabs.harvard.edu/abs/1986A%26A...166...36K},

  keywords = {Gravitational Lenses, Quasars, Astronomical Models, Computational Astrophysics, Emission Spectra, Galaxies, Light Curve, Star Distribution},

}



@Article{Hoyle:1960,

  author  = {{Hoyle}, F. and {Fowler}, W.~A.},

  title   = {{Nucleosynthesis in Supernovae.}},

  journal = {apj},

  year    = {1960},

  volume  = {132},

  pages   = {565},

  month   = nov,

  adsnote = {Provided by the SAO/NASA Astrophysics Data System},

  adsurl  = {http://adsabs.harvard.edu/abs/1960ApJ...132..565H},

  doi     = {10.1086/146963},

}



@Book{rybicki1979radiative,

  title     = {Radiative Processes in Astrophysics},

  publisher = {Wiley},

  year      = {1979},

  author    = {Rybicki, G.B. and Lightman, A.P.},

  series    = {A Wiley-Interscience publication},

  isbn      = {9780471827597},

  lccn      = {79015531},

  url       = {https://books.google.de/books?id=LtdEjNABMlsC},

}



@Book{mihalas1999foundations,

  title     = {Foundations of Radiation Hydrodynamics},

  publisher = {Dover Publications},

  year      = {1999},

  author    = {Mihalas, D. and Weibel-Mihalas, B.},

  series    = {Dover Books on Physics},

  isbn      = {9780486409252},

  lccn      = {99042987},

  url       = {https://books.google.de/books?id=f75C\_GN9KZwC},

}



@Article{Oguri:2010,

  author        = {{Oguri}, M. and {Marshall}, P.~J.},

  title         = {{Gravitationally lensed quasars and supernovae in future wide-field optical imaging surveys}},

  journal       = {MNRAS},

  year          = {2010},

  volume        = {405},

  pages         = {2579-2593},

  month         = jul,

  adsnote       = {Provided by the SAO/NASA Astrophysics Data System},

  adsurl        = {http://adsabs.harvard.edu/abs/2010MNRAS.405.2579O},

  archiveprefix = {arXiv},

  doi           = {10.1111/j.1365-2966.2010.16639.x},

  eprint        = {1001.2037},

  keywords      = {gravitational lensing: strong, cosmological parameters, cosmology: theory},

}



@Article{Kormann:1994,

  author   = {{Kormann}, R. and {Schneider}, P. and {Bartelmann}, M.},

  title    = {{Isothermal elliptical gravitational lens models}},

  journal  = {AAP},

  year     = {1994},

  volume   = {284},

  pages    = {285-299},

  month    = apr,

  adsnote  = {Provided by the SAO/NASA Astrophysics Data System},

  adsurl   = {http://adsabs.harvard.edu/abs/1994A%26A...284..285K},

  keywords = {Astronomical Models, Ellipsoids, Gravitational Lenses, Isothermal Processes, Mass Distribution, Critical Velocity, Distortion, Finite Difference Theory, Vector Analysis},

}



@Article{Colgate:1969,

  author  = {{Colgate}, S.~A. and {McKee}, C.},

  title   = {{Early Supernova Luminosity}},

  journal = {apj},

  year    = {1969},

  volume  = {157},

  pages   = {623},

  month   = aug,

  adsnote = {Provided by the SAO/NASA Astrophysics Data System},

  adsurl  = {http://adsabs.harvard.edu/abs/1969ApJ...157..623C},

  doi     = {10.1086/150102},

}



@Article{Lucy:1999,

  author   = {{Lucy}, L.~B.},

  title    = {{Computing radiative equilibria with Monte Carlo techniques}},

  journal  = {aap},

  year     = {1999},

  volume   = {344},

  pages    = {282-288},

  month    = apr,

  adsnote  = {Provided by the SAO/NASA Astrophysics Data System},

  adsurl   = {http://adsabs.harvard.edu/abs/1999A%26A...344..282L},

  keywords = {RADIATIVE TRANSFER, METHODS: NUMERICAL, STARS: ATMOSPHERES},

}



@Article{Lucy:2001ts,

  author        = {Lucy, L. B.},

  title         = {{Monte Carlo transition probabilities}},

  journal       = {Astron. Astrophys.},

  year          = {2002},

  volume        = {384},

  pages         = {725},

  archiveprefix = {arXiv},

  doi           = {10.1051/0004-6361:20011756},

  eprint        = {astro-ph/0107377},

  primaryclass  = {astro-ph},

  slaccitation  = {%%CITATION = ASTRO-PH/0107377;%%},

}



@Article{Lucy:2004fz,

  author        = {Lucy, L. B.},

  title         = {{Monte Carlo techniques for time-dependent radiative transfer in 3-D supernovae}},

  journal       = {Astron. Astrophys.},

  year          = {2005},

  volume        = {429},

  pages         = {19-30},

  archiveprefix = {arXiv},

  doi           = {10.1051/0004-6361:20041656},

  eprint        = {astro-ph/0409249},

  primaryclass  = {astro-ph},

  slaccitation  = {%%CITATION = ASTRO-PH/0409249;%%},

}



@Article{Lucy:2003zx,

  author        = {Lucy, Leon Brian},

  title         = {{Monte Carlo transition probabilities. 2}},

  journal       = {Astron. Astrophys.},

  year          = {2003},

  volume        = {403},

  pages         = {261-276},

  archiveprefix = {arXiv},

  doi           = {10.1051/0004-6361:20030357},

  eprint        = {astro-ph/0303202},

  primaryclass  = {astro-ph},

  slaccitation  = {%%CITATION = ASTRO-PH/0303202;%%},

}



@Article{Oguri:2012,

  author        = {{Oguri}, M. and {Inada}, N. and {Strauss}, M.~A. and {Kochanek}, C.~S. and {Kayo}, I. and {Shin}, M.-S. and {Morokuma}, T. and {Richards}, G.~T. and {Rusu}, C.~E. and {Frieman}, J.~A. and {Fukugita}, M. and {Schneider}, D.~P. and {York}, D.~G. and {Bahcall}, N.~A. and {White}, R.~L.},

  title         = {{The Sloan Digital Sky Survey Quasar Lens Search. VI. Constraints on Dark Energy and the Evolution of Massive Galaxies}},

  journal       = {aj},

  year          = {2012},

  volume        = {143},

  pages         = {120},

  month         = may,

  adsnote       = {Provided by the SAO/NASA Astrophysics Data System},

  adsurl        = {http://adsabs.harvard.edu/abs/2012AJ....143..120O},

  archiveprefix = {arXiv},

  doi           = {10.1088/0004-6256/143/5/120},

  eid           = {120},

  eprint        = {1203.1088},

  keywords      = {cosmological parameters, cosmology: theory, galaxies: evolution, galaxies: structure, gravitational lensing: strong},

}



@Article{Planck:2018vks,

  author        = {{Planck Collaboration I}},

  title         = {{Planck 2018 results. I. Overview and the cosmological legacy of Planck}},

  year          = {2018},

  archiveprefix = {arXiv},

  collaboration = {Planck},

  eprint        = {1807.06205},

  primaryclass  = {astro-ph.CO},

  slaccitation  = {%%CITATION = ARXIV:1807.06205;%%},

}



@Article{Riess:2018byc,

  author        = {Riess, Adam G. and others},

  title         = {{Milky Way Cepheid Standards for Measuring Cosmic Distances and Application to Gaia DR2: Implications for the Hubble Constant}},

  journal       = {Astrophys. J.},

  year          = {2018},

  volume        = {861},

  number        = {2},

  pages         = {126},

  archiveprefix = {arXiv},

  doi           = {10.3847/1538-4357/aac82e},

  eprint        = {1804.10655},

  primaryclass  = {astro-ph.CO},

  slaccitation  = {%%CITATION = ARXIV:1804.10655;%%},

}



@Article{Refsdal:1964,

  author  = {{Refsdal}, S.},

  title   = {{On the possibility of determining Hubble's parameter and the masses of galaxies from the gravitational lens effect}},

  journal = {mnras},

  year    = {1964},

  volume  = {128},

  pages   = {307},

  adsnote = {Provided by the SAO/NASA Astrophysics Data System},

  adsurl  = {http://adsabs.harvard.edu/abs/1964MNRAS.128..307R},

  doi     = {10.1093/mnras/128.4.307},

}



@Article{Birrer:2018vtm,

  author        = {Birrer, S. and others},

  title         = {{H0LiCOW - IX. Cosmographic analysis of the doubly imaged quasar SDSS 1206+4332 and a new measurement of the Hubble constant}},

  year          = {2018},

  archiveprefix = {arXiv},

  eprint        = {1809.01274},

  primaryclass  = {astro-ph.CO},

  slaccitation  = {%%CITATION = ARXIV:1809.01274;%%},

}



@Article{Riess:2016jrr,

  author        = {Riess, Adam G. and others},

  title         = {{A 2.4\% Determination of the Local Value of the Hubble Constant}},

  journal       = {Astrophys. J.},

  year          = {2016},

  volume        = {826},

  number        = {1},

  pages         = {56},

  archiveprefix = {arXiv},

  doi           = {10.3847/0004-637X/826/1/56},

  eprint        = {1604.01424},

  primaryclass  = {astro-ph.CO},

  slaccitation  = {%%CITATION = ARXIV:1604.01424;%%},

}



@Article{Suyuothers2017,

  author        = {Suyu, S. H. and others},

  title         = {{H0LiCOW – I. H0 Lenses in COSMOGRAIL's Wellspring: program overview}},

  journal       = {Mon. Not. Roy. Astron. Soc.},

  year          = {2017},

  volume        = {468},

  number        = {3},

  pages         = {2590-2604},

  archiveprefix = {arXiv},

  doi           = {10.1093/mnras/stx483},

  eprint        = {1607.00017},

  primaryclass  = {astro-ph.CO},

  slaccitation  = {%%CITATION = ARXIV:1607.00017;%%},

}



@Article{Eigenbrod:2005ie,

  author        = {Eigenbrod, Alexander and Courbin, F. and Vuissoz, C. and Meylan, G. and Saha, P. and Dye, S.},

  title         = {{COSMOGRAIL: The Cosmological MOnitoring of GRavItational Lenses. 1. How to sample the light curves of gravitationally lensed quasars to measure accurate time delays}},

  journal       = {Astron. Astrophys.},

  year          = {2005},

  volume        = {436},

  pages         = {25},

  archiveprefix = {arXiv},

  doi           = {10.1051/0004-6361:20042422},

  eprint        = {astro-ph/0503019},

  primaryclass  = {astro-ph},

  slaccitation  = {%%CITATION = ASTRO-PH/0503019;%%},

}



@Article{2013Tewes,

  author        = {{Tewes}, M. and {Courbin}, F. and {Meylan}, G. and {Kochanek}, C.~S. and {Eulaers}, E. and {Cantale}, N. and {Mosquera}, A.~M. and {Magain}, P. and {Van Winckel}, H. and {Sluse}, D. and {Cataldi}, G. and {V{\"o}r{\"o}s}, D. and {Dye}, S.},

  title         = {{COSMOGRAIL: the COSmological MOnitoring of GRAvItational Lenses. XIII. Time delays and 9-yr optical monitoring of the lensed quasar RX J1131-1231}},

  journal       = {aap},

  year          = {2013},

  volume        = {556},

  pages         = {A22},

  month         = aug,

  adsnote       = {Provided by the SAO/NASA Astrophysics Data System},

  adsurl        = {http://adsabs.harvard.edu/abs/2013A%26A...556A..22T},

  archiveprefix = {arXiv},

  doi           = {10.1051/0004-6361/201220352},

  eid           = {A22},

  eprint        = {1208.6009},

  keywords      = {gravitational lensing: strong, quasars: individual: RX J1131-1231, cosmological parameters},

}



@Article{2017Courbin,

  author        = {{Courbin}, F. and {Bonvin}, V. and {Buckley-Geer}, E. and {Fassnacht}, C.~D. and {Frieman}, J. and {Lin}, H. and {Marshall}, P.~J. and {Suyu}, S.~H. and {Treu}, T. and {Anguita}, T. and {Motta}, V. and {Meylan}, G. and {Paic}, E. and {Tewes}, M. and {Agnello}, A. and {Chao}, D.~C.-Y. and {Chijani}, M. and {Gilman}, D. and {Rojas}, K. and {Williams}, P. and {Hempel}, A. and {Kim}, S. and {Lachaume}, R. and {Rabus}, M. and {Abbott}, T.~M.~C. and {Allam}, S. and {Annis}, J. and {Banerji}, M. and {Bechtol}, K. and {Benoit-L{\'e}vy}, A. and {Brooks}, D. and {Burke}, D.~L. and {Carnero Rosell}, A. and {Carrasco Kind}, M. and {Carretero}, J. and {D'Andrea}, C.~B. and {da Costa}, L.~N. and {Davis}, C. and {DePoy}, D.~L. and {Desai}, S. and {Flaugher}, B. and {Fosalba}, P. and {Garcia-Bellido}, J. and {Gaztanaga}, E. and {Goldstein}, D.~A. and {Gruen}, D. and {Gruendl}, R.~A. and {Gschwend}, J. and {Gutierrez}, G. and {Honscheid}, K. and {James}, D.~J. and {Kuehn}, K. and {Kuhlmann}, S. and {Kuropatkin}, N. and {Lahav}, O. and {Lima}, M. and {Maia}, M.~A.~G. and {March}, M. and {Marshall}, J.~L. and {McMahon}, R.~G. and {Menanteau}, F. and {Miquel}, R. and {Nord}, B. and {Plazas}, A.~A. and {Sanchez}, E. and {Scarpine}, V. and {Schindler}, R. and {Schubnell}, M. and {Sevilla-Noarbe}, I. and {Smith}, M. and {Soares-Santos}, M. and {Sobreira}, F. and {Suchyta}, E. and {Tarle}, G. and {Tucker}, D.~L. and {Walker}, A.~R. and {Wester}, W.},

  title         = {{COSMOGRAIL XVI: Time delays for the quadruply imaged quasar DES J0408-5354 with high-cadence photometric monitoring}},

  journal       = {ArXiv e-prints},

  year          = {2017},

  month         = jun,

  adsnote       = {Provided by the SAO/NASA Astrophysics Data System},

  adsurl        = {http://adsabs.harvard.edu/abs/2017arXiv170609424C},

  archiveprefix = {arXiv},

  eprint        = {1706.09424},

  keywords      = {Astrophysics - Instrumentation and Methods for Astrophysics, Astrophysics - Astrophysics of Galaxies},

  primaryclass  = {astro-ph.IM},

}



@Article{Kelly:2015vjq,

  author        = {Kelly, P. L. and others},

  title         = {{SN Refsdal: Classification as a Luminous and Blue SN 1987A-like Type II Supernova}},

  journal       = {Astrophys. J.},

  year          = {2016},

  volume        = {831},

  number        = {2},

  pages         = {205},

  archiveprefix = {arXiv},

  doi           = {10.3847/0004-637X/831/2/205},

  eprint        = {1512.09093},

  primaryclass  = {astro-ph.GA},

  slaccitation  = {%%CITATION = ARXIV:1512.09093;%%},

}



@Article{Kelly:2015xvu,

  author        = {Kelly, P. L. and others},

  title         = {{Deja Vu All Over Again: The Reappearance of Supernova Refsdal}},

  journal       = {Astrophys. J.},

  year          = {2016},

  volume        = {819},

  number        = {1},

  pages         = {L8},

  archiveprefix = {arXiv},

  doi           = {10.3847/2041-8205/819/1/L8},

  eprint        = {1512.04654},

  primaryclass  = {astro-ph.CO},

  slaccitation  = {%%CITATION = ARXIV:1512.04654;%%},

}



@Article{Grillo:2018ume,

  author        = {Grillo, C. and others},

  title         = {{Measuring the Value of the Hubble Constant "à la Refsdal"}},

  journal       = {Astrophys. J.},

  year          = {2018},

  volume        = {860},

  number        = {2},

  pages         = {94},

  archiveprefix = {arXiv},

  doi           = {10.3847/1538-4357/aac2c9},

  eprint        = {1802.01584},

  primaryclass  = {astro-ph.CO},

  slaccitation  = {%%CITATION = ARXIV:1802.01584;%%},

}



@Article{2017:Yildirim,

  author        = {{Y{\i}ld{\i}r{\i}m}, A. and {van den Bosch}, R.~C.~E. and {van de Ven}, G. and {Mart{\'{\i}}n-Navarro}, I. and {Walsh}, J.~L. and {Husemann}, B. and {G{\"u}ltekin}, K. and {Gebhardt}, K.},

  title         = {{The structural and dynamical properties of compact elliptical galaxies}},

  journal       = {mnras},

  year          = {2017},

  volume        = {468},

  pages         = {4216-4245},

  month         = jul,

  adsnote       = {Provided by the SAO/NASA Astrophysics Data System},

  adsurl        = {http://adsabs.harvard.edu/abs/2017MNRAS.468.4216Y},

  archiveprefix = {arXiv},

  doi           = {10.1093/mnras/stx732},

  eprint        = {1701.05898},

  keywords      = {galaxies: elliptical and lenticular, cD, galaxies: evolution, galaxies: formation, galaxies: kinematics and dynamics, galaxies: structure},

}



@Article{Schneider:2013wga,

  author        = {Schneider, Peter and Sluse, Dominique},

  title         = {{Source-position transformation -- an approximate invariance in strong gravitational lensing}},

  journal       = {Astron. Astrophys.},

  year          = {2014},

  volume        = {564},

  pages         = {A103},

  archiveprefix = {arXiv},

  doi           = {10.1051/0004-6361/201322106},

  eprint        = {1306.4675},

  primaryclass  = {astro-ph.CO},

  slaccitation  = {%%CITATION = ARXIV:1306.4675;%%},

}



@Article{1984:Nomoto,

  author   = {{Nomoto}, K. and {Thielemann}, F.-K. and {Yokoi}, K.},

  title    = {{Accreting white dwarf models of Type I supernovae. III - Carbon deflagration supernovae}},

  journal  = {apj},

  year     = {1984},

  volume   = {286},

  pages    = {644-658},

  month    = nov,

  adsnote  = {Provided by the SAO/NASA Astrophysics Data System},

  adsurl   = {http://adsabs.harvard.edu/abs/1984ApJ...286..644N},

  doi      = {10.1086/162639},

  keywords = {Carbon Stars, Deflagration, Nuclear Fusion, Stellar Mass Accretion, Supernovae, White Dwarf Stars, Hydrodynamics, Light Curve, Neutrinos, Stellar Composition, Stellar Models, Wave Propagation},

}



@Article{Marshall:2017wph,

  author        = {Marshall, Phil and others},

  title         = {{Science-Driven Optimization of the LSST Observing Strategy}},

  year          = {2017},

  archiveprefix = {arXiv},

  collaboration = {LSST},

  doi           = {10.5281/zenodo.842713},

  eprint        = {1708.04058},

  primaryclass  = {astro-ph.IM},

  reportnumber  = {FERMILAB-PUB-17-327-AE-CD},

  slaccitation  = {%%CITATION = ARXIV:1708.04058;%%},

}



@Article{2009:LSSTscience,

  author        = {{LSST Science Collaboration} and {Abell}, P.~A. and {Allison}, J. and {Anderson}, S.~F. and {Andrew}, J.~R. and {Angel}, J.~R.~P. and {Armus}, L. and {Arnett}, D. and {Asztalos}, S.~J. and {Axelrod}, T.~S. and et al.},

  title         = {{LSST Science Book, Version 2.0}},

  journal       = {ArXiv e-prints},

  year          = {2009},

  month         = dec,

  adsnote       = {Provided by the SAO/NASA Astrophysics Data System},

  adsurl        = {http://adsabs.harvard.edu/abs/2009arXiv0912.0201L},

  archiveprefix = {arXiv},

  eprint        = {0912.0201},

  keywords      = {Astrophysics - Instrumentation and Methods for Astrophysics, Astrophysics - Cosmology and Extragalactic Astrophysics, Astrophysics - Earth and Planetary Astrophysics, Astrophysics - Galaxy Astrophysics, Astrophysics - Solar and Stellar Astrophysics},

  primaryclass  = {astro-ph.IM},

}



@Article{2013:Tewesb,

  author        = {{Tewes}, M. and {Courbin}, F. and {Meylan}, G.},

  title         = {{COSMOGRAIL: the COSmological MOnitoring of GRAvItational Lenses. XI. Techniques for time delay measurement in presence of microlensing}},

  journal       = {aap},

  year          = {2013},

  volume        = {553},

  pages         = {A120},

  month         = may,

  adsnote       = {Provided by the SAO/NASA Astrophysics Data System},

  adsurl        = {http://adsabs.harvard.edu/abs/2013A%26A...553A.120T},

  archiveprefix = {arXiv},

  doi           = {10.1051/0004-6361/201220123},

  eid           = {A120},

  eprint        = {1208.5598},

  keywords      = {methods: data analysis, gravitational lensing: strong, cosmological parameters},

  primaryclass  = {astro-ph.CO},

}



@Article{Bonvin:2015jia,

  author        = {Bonvin, V. and Tewes, M. and Courbin, F. and Kuntzer, T. and Sluse, D. and Meylan, G.},

  title         = {{COSMOGRAIL: the COSmological MOnitoring of GRAvItational Lenses XV. Assessing the achievability and precision of time-delay measurements}},

  journal       = {Astron. Astrophys.},

  year          = {2016},

  volume        = {585},

  pages         = {A88},

  archiveprefix = {arXiv},

  doi           = {10.1051/0004-6361/201526704},

  eprint        = {1506.07524},

  primaryclass  = {astro-ph.IM},

  slaccitation  = {%%CITATION = ARXIV:1506.07524;%%},

}



@Comment{jabref-meta: databaseType:bibtex;}



@ARTICLE{Barnabe2011,
   author = {{Barnab{\`e}}, M. and {Czoske}, O. and {Koopmans}, L.~V.~E. and 
	{Treu}, T. and {Bolton}, A.~S.},
    title = "{Two-dimensional kinematics of SLACS lenses - III. Mass structure and dynamics of early-type lens galaxies beyond z $\sim$ 0.1}",
  journal = {MNRAS},
archivePrefix = "arXiv",
   eprint = {1102.2261},
     year = 2011,
    month = aug,
   volume = 415,
    pages = {2215-2232},
      doi = {10.1111/j.1365-2966.2011.18842.x},
   adsurl = {http://adsabs.harvard.edu/abs/2011MNRAS.415.2215B},
  adsnote = {Provided by the SAO/NASA Astrophysics Data System}
}


@ARTICLE{Suyu2018,
   author = {{Suyu}, S.~H. and {Chang}, T.-C. and {Courbin}, F. and {Okumura}, T.
	},
    title = "{Cosmological Distance Indicators}",
  journal = {Space Science Reviews},
archivePrefix = "arXiv",
   eprint = {1801.07262},
 keywords = {Cosmology, Gravitational lensing, Baryon acoustic oscillation, Intensity mapping},
     year = 2018,
    month = aug,
   volume = 214,
      eid = {91},
    pages = {91},
      doi = {10.1007/s11214-018-0524-3},
   adsurl = {http://adsabs.harvard.edu/abs/2018SSRv..214...91S},
  adsnote = {Provided by the SAO/NASA Astrophysics Data System}
}

@ARTICLE{DESCSRD2018,
   author = {{The LSST Dark Energy Science Collaboration} and {Mandelbaum}, R. and 
	{Eifler}, T. and {Hlo{\v z}ek}, R. and {Collett}, T. and {Gawiser}, E. and 
	{Scolnic}, D. and {Alonso}, D. and {Awan}, H. and {Biswas}, R. and 
	{Blazek}, J. and {Burchat}, P. and {Chisari}, N.~E. and {Dell'Antonio}, I. and 
	{Digel}, S. and {Frieman}, J. and {Goldstein}, D.~A. and {Hook}, I. and 
	{Ivezi{\'c}}, {\v Z}. and {Kahn}, S.~M. and {Kamath}, S. and 
	{Kirkby}, D. and {Kitching}, T. and {Krause}, E. and {Leget}, P.-F. and 
	{Marshall}, P.~J. and {Meyers}, J. and {Miyatake}, H. and {Newman}, J.~A. and 
	{Nichol}, R. and {Rykoff}, E. and {Sanchez}, F.~J. and {Slosar}, A. and 
	{Sullivan}, M. and {Troxel}, M.~A.},
    title = "{The LSST Dark Energy Science Collaboration (DESC) Science Requirements Document}",
  journal = {ArXiv e-prints},
archivePrefix = "arXiv",
   eprint = {1809.01669},
 keywords = {Astrophysics - Cosmology and Nongalactic Astrophysics},
     year = 2018,
    month = sep,
   adsurl = {http://adsabs.harvard.edu/abs/2018arXiv180901669T},
  adsnote = {Provided by the SAO/NASA Astrophysics Data System}
}


%%% END SL SECTION %%%%%

@ARTICLE{Awan+2016,
   author = {{Awan}, H. and {Gawiser}, E. and {Kurczynski}, P. and {Jones}, R.~L. and
	{Zhan}, H. and {Padilla}, N.~D. and {Mu{\~n}oz Arancibia}, A.~M. and
	{Orsi}, A. and {Cora}, S.~A. and {Yoachim}, P.},
    title = "{Testing LSST Dither Strategies for Survey Uniformity and Large-scale Structure Systematics}",
  journal = {ApJ},
archivePrefix = "arXiv",
   eprint = {1605.00555},
 keywords = {dark energy, large-scale structure of universe, surveys},
     year = 2016,
    month = sep,
   volume = 829,
      eid = {50},
    pages = {50},
      doi = {10.3847/0004-637X/829/1/50},
   adsurl = {http://adsabs.harvard.edu/abs/2016ApJ...829...50A},
  adsnote = {Provided by the SAO/NASA Astrophysics Data System}
}


@ARTICLE{rowe2010,
   author = {{Rowe}, B.},
    title = "{Improving PSF modelling for weak gravitational lensing using new methods in model selection}",
  journal = {Monthly Notices of the Royal Astornomical Society},
archivePrefix = "arXiv",
   eprint = {0904.3056},
 primaryClass = "astro-ph.CO",
 keywords = {gravitational lensing, methods: data analysis, methods: statistical, cosmology: observations, large-scale structure of Universe},
     year = 2010,
    month = may,
   volume = 404,
    pages = {350-366},
      doi = {10.1111/j.1365-2966.2010.16277.x},
   adsurl = {http://adsabs.harvard.edu/abs/2010MNRAS.404..350R},
  adsnote = {Provided by the SAO/NASA Astrophysics Data System}
}
@ARTICLE{jarvis2016,
   author = {{Jarvis}, M. and {Sheldon}, E. and {Zuntz}, J. and {Kacprzak}, T. and 
	{Bridle}, S.~L. and {Amara}, A. and {Armstrong}, R. and {Becker}, M.~R. and 
	{Bernstein}, G.~M. and {Bonnett}, C. and {Chang}, C. and {Das}, R. and 
	{Dietrich}, J.~P. and {Drlica-Wagner}, A. and {Eifler}, T.~F. and 
	{Gangkofner}, C. and {Gruen}, D. and {Hirsch}, M. and {Huff}, E.~M. and 
	{Jain}, B. and {Kent}, S. and {Kirk}, D. and {MacCrann}, N. and 
	{Melchior}, P. and {Plazas}, A.~A. and {Refregier}, A. and {Rowe}, B. and 
	{Rykoff}, E.~S. and {Samuroff}, S. and {S{\'a}nchez}, C. and 
	{Suchyta}, E. and {Troxel}, M.~A. and {Vikram}, V. and {Abbott}, T. and 
	{Abdalla}, F.~B. and {Allam}, S. and {Annis}, J. and {Benoit-L{\'e}vy}, A. and 
	{Bertin}, E. and {Brooks}, D. and {Buckley-Geer}, E. and {Burke}, D.~L. and 
	{Capozzi}, D. and {Carnero Rosell}, A. and {Carrasco Kind}, M. and 
	{Carretero}, J. and {Castander}, F.~J. and {Clampitt}, J. and 
	{Crocce}, M. and {Cunha}, C.~E. and {D'Andrea}, C.~B. and {da Costa}, L.~N. and 
	{DePoy}, D.~L. and {Desai}, S. and {Diehl}, H.~T. and {Doel}, P. and 
	{Fausti Neto}, A. and {Flaugher}, B. and {Fosalba}, P. and {Frieman}, J. and 
	{Gaztanaga}, E. and {Gerdes}, D.~W. and {Gruendl}, R.~A. and 
	{Gutierrez}, G. and {Honscheid}, K. and {James}, D.~J. and {Kuehn}, K. and 
	{Kuropatkin}, N. and {Lahav}, O. and {Li}, T.~S. and {Lima}, M. and 
	{March}, M. and {Martini}, P. and {Miquel}, R. and {Mohr}, J.~J. and 
	{Neilsen}, E. and {Nord}, B. and {Ogando}, R. and {Reil}, K. and 
	{Romer}, A.~K. and {Roodman}, A. and {Sako}, M. and {Sanchez}, E. and 
	{Scarpine}, V. and {Schubnell}, M. and {Sevilla-Noarbe}, I. and 
	{Smith}, R.~C. and {Soares-Santos}, M. and {Sobreira}, F. and 
	{Swanson}, M.~E.~C. and {Tarle}, G. and {Thaler}, J. and {Thomas}, D. and 
	{Walker}, A.~R. and {Wechsler}, R.~H.},
    title = "{The DES Science Verification weak lensing shear catalogues}",
  journal = {Monthly Notices of the Royal Astronomical Society},
archivePrefix = "arXiv",
   eprint = {1507.05603},
 primaryClass = "astro-ph.IM",
 keywords = {gravitational lensing: weak, methods: data analysis, techniques: image processing, catalogues, surveys, cosmology: observations},
     year = 2016,
    month = aug,
   volume = 460,
    pages = {2245-2281},
      doi = {10.1093/mnras/stw990},
   adsurl = {http://adsabs.harvard.edu/abs/2016MNRAS.460.2245J},
  adsnote = {Provided by the SAO/NASA Astrophysics Data System}
}

@ARTICLE{bosche2018,
   author = {{Bosch}, J. and {Armstrong}, R. and {Bickerton}, S. and {Furusawa}, H. and 
	{Ikeda}, H. and {Koike}, M. and {Lupton}, R. and {Mineo}, S. and 
	{Price}, P. and {Takata}, T. and {Tanaka}, M. and {Yasuda}, N. and 
	{AlSayyad}, Y. and {Becker}, A.~C. and {Coulton}, W. and {Coupon}, J. and 
	{Garmilla}, J. and {Huang}, S. and {Krughoff}, K.~S. and {Lang}, D. and 
	{Leauthaud}, A. and {Lim}, K.-T. and {Lust}, N.~B. and {MacArthur}, L.~A. and 
	{Mandelbaum}, R. and {Miyatake}, H. and {Miyazaki}, S. and {Murata}, R. and 
	{More}, S. and {Okura}, Y. and {Owen}, R. and {Swinbank}, J.~D. and 
	{Strauss}, M.~A. and {Yamada}, Y. and {Yamanoi}, H.},
    title = "{The Hyper Suprime-Cam software pipeline}",
  journal = {Publication of the Astronomical Society of Japan},
archivePrefix = "arXiv",
   eprint = {1705.06766},
 primaryClass = "astro-ph.IM",
 keywords = {methods: data analysis, surveys, techniques: image processing},
     year = 2018,
    month = jan,
   volume = 70,
      eid = {S5},
    pages = {S5},
      doi = {10.1093/pasj/psx080},
   adsurl = {http://adsabs.harvard.edu/abs/2018PASJ...70S...5B},
  adsnote = {Provided by the SAO/NASA Astrophysics Data System}
}
%% SN_pc refs
@ARTICLE{2011PhRvD..83d3004B,
   author = {{Bhattacharya}, S. and {Kosowsky}, A. and {Newman}, J.~A. and 
	{Zentner}, A.~R.},
    title = "{Galaxy peculiar velocities from large-scale supernova surveys as a dark energy probe}",
  journal = {\prd},
archivePrefix = "arXiv",
   eprint = {1008.2560},
 primaryClass = "astro-ph.CO",
 keywords = {Distances redshifts radial velocities, spatial distribution of galaxies, Dark energy, Supernovae, Cosmology},
     year = 2011,
    month = feb,
   volume = 83,
   number = 4,
      eid = {043004},
    pages = {043004},
      doi = {10.1103/PhysRevD.83.043004},
   adsurl = {http://adsabs.harvard.edu/abs/2011PhRvD..83d3004B},
  adsnote = {Provided by the SAO/NASA Astrophysics Data System}
}
@ARTICLE{2017ApJ...847..128H,
   author = {{Howlett}, C. and {Robotham}, A.~S.~G. and {Lagos}, C.~D.~P. and 
	{Kim}, A.~G.},
    title = "{Measuring the Growth Rate of Structure with Type IA Supernovae from LSST}",
  journal = {\apj},
archivePrefix = "arXiv",
   eprint = {1708.08236},
 keywords = {cosmological parameters, cosmology: theory, large-scale structure of universe, supernovae: general},
     year = 2017,
    month = oct,
   volume = 847,
      eid = {128},
    pages = {128},
      doi = {10.3847/1538-4357/aa88c8},
   adsurl = {http://adsabs.harvard.edu/abs/2017ApJ...847..128H},
  adsnote = {Provided by the SAO/NASA Astrophysics Data System}
}

