@article{perrett,
    author =       {Perrett K. and Sullivan M. and Conley A. and others},
    title =        "Evolution in the {V}olumetric {T}ype Ia Supernova {R}ate from the {S}upernova {L}egacy {S}urvey",
    journal =      "The Astronomical Journal",
    volume =       "144",
    number =       "2",
    year =         "2012",
    DOI =    "10.1088/0004-6256/144/2/59"
}
@article{davis,
    author =    {Davis T. M. and Hui  L. and Frieman J. A. and others},
    title =        "The Effect of Peculiar Velocities on Supernova Cosmology",
    journal =      "The Astronomical Journal",
    volume =       "741",
    number =       "1",
    year =         "2011",
   DOI =          "10.1088/0004-637X/741/1/67"
}
@article{hui,
    author =    {Hui L. and Greene, P. B.},
    title =        "Correlated fluctuations in luminosity distance and the importance of peculiar motion in supernova surveys",
    journal =      "Physical Review D",
    volume =       "73",
    number =       "12",
    year =         "2011",
   DOI =          "10.1103/PhysRevD.73.123526"
}
@article{howlett,
    author =    {Howlett C. and Robotham A. S. G. and Lagos and C. D. P. and Kim, A. G.},
    title =        "Measuring the {G}rowth {R}ate of {S}tructure with {T}ype {IA} Supernovae from {LSST}",
    journal =      "The Astronomical Journal",
    volume =       "847",
    number =       "2",
    year =         "2017",
   DOI =          "10.3847/1538-4357/aa88c8"
}
@article{lochner2016photometric,
    author =    {Lochner M. and McEwen J. D. and Peiris H. V. and Lahav O. and Winter, M. K.},
    title =        "{P}hotometric {S}upernova {C}lassification with {M}achine {L}earning",
    journal =      "The Astrophysical Journal Supplement Series",
    volume =       "225",
    number =       "2",
    year =         "2016",
   DOI =          "10.3847/0067-0049/225/2/31"
}
@article{detfom,
    author =    {Albrecht , A. and Bernstein, G. and Cahn, R. and Freedman, W.L. and Hewitt, J. and Hu, W. and Huth, J. and Kamionkowski, M. and Kolb, E.W. and Knox, L. and Mather, J.C. and Staggs, S. and Suntzeff, N.B.},
    title =        "Report of the Dark Energy Task Force",
    number =       "v1",
    year =         "2006",
}
@article{descsrd,
    author =    {DESC Collaboration},
    title =        "The {LSST} Dark Energy Science Collaboration ({DESC}) Science Requirements Document",
    number =       "v1",
    year =         "2018",
}
@article{kessler2009snana,
    author =    {Kessler R. and Bernstein J.P and Cinabro D. and others},
    title =        "{S}NANA: A {P}ublic {S}oftware {P}ackage for {S}upernova {A}nalysis",
    journal =      "Publications of the Astronomical Society of the Pacific",
    volume =       "121",
    number =       "883",
    year =         "2009",
   DOI =          "10.1086/605984"
}

@ARTICLE{2011PhRvD..83d3004B,
   author = {{Bhattacharya}, S. and {Kosowsky}, A. and {Newman}, J.~A. and 
	{Zentner}, A.~R.},
    title = "{Galaxy peculiar velocities from large-scale supernova surveys as a dark energy probe}",
  journal = {\prd},
archivePrefix = "arXiv",
   eprint = {1008.2560},
 primaryClass = "astro-ph.CO",
 keywords = {Distances redshifts radial velocities, spatial distribution of galaxies, Dark energy, Supernovae,
 Cosmology},
     year = 2011,
    month = feb,
   volume = 83,
   number = 4,
      eid = {043004},
    pages = {043004},
      doi = {10.1103/PhysRevD.83.043004},
   adsurl = {http://adsabs.harvard.edu/abs/2011PhRvD..83d3004B},
  adsnote = {Provided by the SAO/NASA Astrophysics Data System}
}
