@article{perrett,
    author =       {{Perrett}, K. and {Sullivan}, M. and {Conley} A. and others},
    title =        "Evolution in the {V}olumetric {T}ype Ia Supernova {R}ate from the {S}upernova {L}egacy {S}urvey",
    journal =      "The Astronomical Journal",
    volume =       "144",
    number =       "2",
    year =         "2012",
    DOI =    "10.1088/0004-6256/144/2/59"
}
@article{davis,
    author =    {{Davis}, T. M. and {Hui},  L. and {Frieman}, J. A. and others},
    title =        "The Effect of Peculiar Velocities on Supernova Cosmology",
    journal =      "The Astronomical Journal",
    volume =       "741",
    number =       "1",
    year =         "2011",
   DOI =          "10.1088/0004-637X/741/1/67"
}
@article{hui,
    author =    {{Hui}, L. and {Greene}, P. B.},
    title =        "Correlated fluctuations in luminosity distance and the importance of peculiar motion in supernova surveys",
    journal =      "Physical Review D",
    volume =       "73",
    number =       "12",
    year =         "2011",
   DOI =          "10.1103/PhysRevD.73.123526"
}
@article{howlett,
    author =    {{Howlett}, C. and {Robotham}, A. S. G. and {Lagos}, C. D. P. and {Kim}, A. G.},
    title =        "Measuring the {G}rowth {R}ate of {S}tructure with {T}ype {IA} Supernovae from {LSST}",
    journal =      "The Astronomical Journal",
    volume =       "847",
    number =       "2",
    year =         "2017",
   DOI =          "10.3847/1538-4357/aa88c8"
}
@article{lochner2016photometric,
    author =    {{Lochner}, M. and {McEwen}, J. D. and {Peiris}, H. V. and {Lahav}, O. and {Winter}, M. K.},
    title =        "{P}hotometric {S}upernova {C}lassification with {M}achine {L}earning",
    journal =      "The Astrophysical Journal Supplement Series",
    volume =       "225",
    number =       "2",
    year =         "2016",
   DOI =          "10.3847/0067-0049/225/2/31"
}
@ARTICLE{2006astro.ph..9591A,
   author = {{Albrecht}, A. and {Bernstein}, G. and {Cahn}, R. and {Freedman}, W.~L. and 
	{Hewitt}, J. and {Hu}, W. and {Huth}, J. and {Kamionkowski}, M. and 
	{Kolb}, E.~W. and {Knox}, L. and {Mather}, J.~C. and {Staggs}, S. and 
	{Suntzeff}, N.~B.},
    title = "{Report of the Dark Energy Task Force}",
  journal = {ArXiv Astrophysics e-prints},
   eprint = {astro-ph/0609591},
 keywords = {Astrophysics},
     year = 2006,
    month = sep,
   adsurl = {http://adsabs.harvard.edu/abs/2006astro.ph..9591A},
  adsnote = {Provided by the SAO/NASA Astrophysics Data System}
}

@ARTICLE{2018arXiv180901669T,
   author = {{The LSST Dark Energy Science Collaboration} and {Mandelbaum}, R. and 
	{Eifler}, T. and {Hlo{\v z}ek}, R. and {Collett}, T. and {Gawiser}, E. and 
	{Scolnic}, D. and {Alonso}, D. and {Awan}, H. and {Biswas}, R. and 
	{Blazek}, J. and {Burchat}, P. and {Chisari}, N.~E. and {Dell'Antonio}, I. and 
	{Digel}, S. and {Frieman}, J. and {Goldstein}, D.~A. and {Hook}, I. and 
	{Ivezi{\'c}}, {\v Z}. and {Kahn}, S.~M. and {Kamath}, S. and 
	{Kirkby}, D. and {Kitching}, T. and {Krause}, E. and {Leget}, P.-F. and 
	{Marshall}, P.~J. and {Meyers}, J. and {Miyatake}, H. and {Newman}, J.~A. and 
	{Nichol}, R. and {Rykoff}, E. and {Sanchez}, F.~J. and {Slosar}, A. and 
	{Sullivan}, M. and {Troxel}, M.~A.},
    title = "{The LSST Dark Energy Science Collaboration (DESC) Science Requirements Document}",
  journal = {ArXiv e-prints},
archivePrefix = "arXiv",
   eprint = {1809.01669},
 keywords = {Astrophysics - Cosmology and Nongalactic Astrophysics},
     year = 2018,
    month = sep,
   adsurl = {http://adsabs.harvard.edu/abs/2018arXiv180901669T},
  adsnote = {Provided by the SAO/NASA Astrophysics Data System}
}
@article{kessler2009snana,
    author =    {{Kessler}, R. and {Bernstein}, J.P and {Cinabro}, D. and others},
    title =        "{S}NANA: A {P}ublic {S}oftware {P}ackage for {S}upernova {A}nalysis",
    journal =      "Publications of the Astronomical Society of the Pacific",
    volume =       "121",
    number =       "883",
    year =         "2009",
   DOI =          "10.1086/605984"
}

@ARTICLE{2011PhRvD..83d3004B,
   author = {{Bhattacharya}, S. and {Kosowsky}, A. and {Newman}, J.~A. and 
	{Zentner}, A.~R.},
    title = "{Galaxy peculiar velocities from large-scale supernova surveys as a dark energy probe}",
  journal = {\prd},
archivePrefix = "arXiv",
   eprint = {1008.2560},
 primaryClass = "astro-ph.CO",
 keywords = {Distances redshifts radial velocities, spatial distribution of galaxies, Dark energy, Supernovae,
 Cosmology},
     year = 2011,
    month = feb,
   volume = 83,
   number = 4,
      eid = {043004},
    pages = {043004},
      doi = {10.1103/PhysRevD.83.043004},
   adsurl = {http://adsabs.harvard.edu/abs/2011PhRvD..83d3004B},
  adsnote = {Provided by the SAO/NASA Astrophysics Data System}
}
@ARTICLE{2016ApJ...822L..35S,
   author = {{Scolnic}, D. and {Kessler}, R.},
    title = "{Measuring Type Ia Supernova Populations of Stretch and Color and Predicting Distance Biases}",
  journal = {\apjl},
archivePrefix = "arXiv",
   eprint = {1603.01559},
 keywords = {dark energy, supernovae: general},
     year = 2016,
    month = may,
   volume = 822,
      eid = {L35},
    pages = {L35},
      doi = {10.3847/2041-8205/822/2/L35},
   adsurl = {http://adsabs.harvard.edu/abs/2016ApJ...822L..35S},
  adsnote = {Provided by the SAO/NASA Astrophysics Data System}
}
@ARTICLE{2008ApJ...682..262D,
   author = {{Dilday}, B. and {Kessler}, R. and {Frieman}, J.~A. and {Holtzman}, J. and 
	{Marriner}, J. and {Miknaitis}, G. and {Nichol}, R.~C. and {Romani}, R. and 
	{Sako}, M. and {Bassett}, B. and {Becker}, A. and {Cinabro}, D. and 
	{DeJongh}, F. and {Depoy}, D.~L. and {Doi}, M. and {Garnavich}, P.~M. and 
	{Hogan}, C.~J. and {Jha}, S. and {Konishi}, K. and {Lampeitl}, H. and 
	{Marshall}, J.~L. and {McGinnis}, D. and {Prieto}, J.~L. and 
	{Riess}, A.~G. and {Richmond}, M.~W. and {Schneider}, D.~P. and 
	{Smith}, M. and {Takanashi}, N. and {Tokita}, K. and {van der Heyden}, K. and 
	{Yasuda}, N. and {Zheng}, C. and {Barentine}, J. and {Brewington}, H. and 
	{Choi}, C. and {Crotts}, A. and {Dembicky}, J. and {Harvanek}, M. and 
	{Im}, M. and {Ketzeback}, W. and {Kleinman}, S.~J. and {Krzesi{\'n}ski}, J. and 
	{Long}, D.~C. and {Malanushenko}, E. and {Malanushenko}, V. and 
	{McMillan}, R.~J. and {Nitta}, A. and {Pan}, K. and {Saurage}, G. and 
	{Snedden}, S.~A. and {Watters}, S. and {Wheeler}, J.~C. and 
	{York}, D.},
    title = "{A Measurement of the Rate of Type Ia Supernovae at Redshift z {\ap} 0.1 from the First Season of the SDSS-II Supernova Survey}",
  journal = {\apj},
archivePrefix = "arXiv",
   eprint = {0801.3297},
 keywords = {supernovae: general},
     year = 2008,
    month = jul,
   volume = 682,
    pages = {262-282},
      doi = {10.1086/587733},
   adsurl = {http://adsabs.harvard.edu/abs/2008ApJ...682..262D},
  adsnote = {Provided by the SAO/NASA Astrophysics Data System}
}