%{% raw %}
% Add your bibtex items here:
@ARTICLE{2009PASP..121..922E,
   author = {{Els}, S.~G. and {Sch{\"o}ck}, M. and {Bustos}, E. and {Seguel}, J. and 
	{Vasquez}, J. and {Walker}, D. and {Riddle}, R. and {Skidmore}, W. and 
	{Travouillon}, T. and {Vogiatzis}, K.},
    title = "{Four Years of Optical Turbulence Monitoring at the Cerro Tololo Inter-American Observatory (CTIO)}",
  journal = {\pasp},
archivePrefix = "arXiv",
   eprint = {0906.3665},
 primaryClass = "astro-ph.IM",
     year = 2009,
    month = aug,
   volume = 121,
    pages = {922},
      doi = {10.1086/605450},
   adsurl = {http://adsabs.harvard.edu/abs/2009PASP..121..922E},
  adsnote = {Provided by the SAO/NASA Astrophysics Data System}
}

@ARTICLE{2016MNRAS.460.1270D,
   author = {{Dark Energy Survey Collaboration} and {Abbott}, T. and {Abdalla}, F.~B. and 
	{Aleksi{\'c}}, J. and {Allam}, S. and {Amara}, A. and {Bacon}, D. and 
	{Balbinot}, E. and {Banerji}, M. and {Bechtol}, K. and {Benoit-L{\'e}vy}, A. and 
	{Bernstein}, G.~M. and {Bertin}, E. and {Blazek}, J. and {Bonnett}, C. and 
	{Bridle}, S. and {Brooks}, D. and {Brunner}, R.~J. and {Buckley-Geer}, E. and 
	{Burke}, D.~L. and {Caminha}, G.~B. and {Capozzi}, D. and {Carlsen}, J. and 
	{Carnero-Rosell}, A. and {Carollo}, M. and {Carrasco-Kind}, M. and 
	{Carretero}, J. and {Castander}, F.~J. and {Clerkin}, L. and 
	{Collett}, T. and {Conselice}, C. and {Crocce}, M. and {Cunha}, C.~E. and 
	{D'Andrea}, C.~B. and {da Costa}, L.~N. and {Davis}, T.~M. and 
	{Desai}, S. and {Diehl}, H.~T. and {Dietrich}, J.~P. and {Dodelson}, S. and 
	{Doel}, P. and {Drlica-Wagner}, A. and {Estrada}, J. and {Etherington}, J. and 
	{Evrard}, A.~E. and {Fabbri}, J. and {Finley}, D.~A. and {Flaugher}, B. and 
	{Foley}, R.~J. and {Fosalba}, P. and {Frieman}, J. and {Garc{\'{\i}}a-Bellido}, J. and 
	{Gaztanaga}, E. and {Gerdes}, D.~W. and {Giannantonio}, T. and 
	{Goldstein}, D.~A. and {Gruen}, D. and {Gruendl}, R.~A. and 
	{Guarnieri}, P. and {Gutierrez}, G. and {Hartley}, W. and {Honscheid}, K. and 
	{Jain}, B. and {James}, D.~J. and {Jeltema}, T. and {Jouvel}, S. and 
	{Kessler}, R. and {King}, A. and {Kirk}, D. and {Kron}, R. and 
	{Kuehn}, K. and {Kuropatkin}, N. and {Lahav}, O. and {Li}, T.~S. and 
	{Lima}, M. and {Lin}, H. and {Maia}, M.~A.~G. and {Makler}, M. and 
	{Manera}, M. and {Maraston}, C. and {Marshall}, J.~L. and {Martini}, P. and 
	{McMahon}, R.~G. and {Melchior}, P. and {Merson}, A. and {Miller}, C.~J. and 
	{Miquel}, R. and {Mohr}, J.~J. and {Morice-Atkinson}, X. and 
	{Naidoo}, K. and {Neilsen}, E. and {Nichol}, R.~C. and {Nord}, B. and 
	{Ogando}, R. and {Ostrovski}, F. and {Palmese}, A. and {Papadopoulos}, A. and 
	{Peiris}, H.~V. and {Peoples}, J. and {Percival}, W.~J. and 
	{Plazas}, A.~A. and {Reed}, S.~L. and {Refregier}, A. and {Romer}, A.~K. and 
	{Roodman}, A. and {Ross}, A. and {Rozo}, E. and {Rykoff}, E.~S. and 
	{Sadeh}, I. and {Sako}, M. and {S{\'a}nchez}, C. and {Sanchez}, E. and 
	{Santiago}, B. and {Scarpine}, V. and {Schubnell}, M. and {Sevilla-Noarbe}, I. and 
	{Sheldon}, E. and {Smith}, M. and {Smith}, R.~C. and {Soares-Santos}, M. and 
	{Sobreira}, F. and {Soumagnac}, M. and {Suchyta}, E. and {Sullivan}, M. and 
	{Swanson}, M. and {Tarle}, G. and {Thaler}, J. and {Thomas}, D. and 
	{Thomas}, R.~C. and {Tucker}, D. and {Vieira}, J.~D. and {Vikram}, V. and 
	{Walker}, A.~R. and {Wechsler}, R.~H. and {Weller}, J. and {Wester}, W. and 
	{Whiteway}, L. and {Wilcox}, H. and {Yanny}, B. and {Zhang}, Y. and 
	{Zuntz}, J.},
    title = "{The Dark Energy Survey: more than dark energy - an overview}",
  journal = {\mnras},
archivePrefix = "arXiv",
   eprint = {1601.00329},
 keywords = {surveys, minor planets, asteroids: general, supernovae: general, Galaxy: general, galaxies: general, quasars: general},
     year = 2016,
    month = aug,
   volume = 460,
    pages = {1270-1299},
      doi = {10.1093/mnras/stw641},
   adsurl = {http://adsabs.harvard.edu/abs/2016MNRAS.460.1270D},
  adsnote = {Provided by the SAO/NASA Astrophysics Data System}
}

@INPROCEEDINGS{2014ASPC..485...77N,
   author = {{Neilsen}, E. and {Annis}, J.},
    title = "{ObsTac: Automated Execution of Dark Energy Survey Observing Tactics}",
booktitle = {Astronomical Data Analysis Software and Systems XXIII},
     year = 2014,
   series = {Astronomical Society of the Pacific Conference Series},
   volume = 485,
   editor = {{Manset}, N. and {Forshay}, P.},
    month = may,
    pages = {77},
   adsurl = {http://adsabs.harvard.edu/abs/2014ASPC..485...77N},
  adsnote = {Provided by the SAO/NASA Astrophysics Data System}
}

@INPROCEEDINGS{2012ASPC..461..201N,
   author = {{Neilsen}, Jr., E.~H.},
    title = "{Prediction of Observing Conditions for DES Exposure Scheduling}",
booktitle = {Astronomical Data Analysis Software and Systems XXI},
     year = 2012,
   series = {Astronomical Society of the Pacific Conference Series},
   volume = 461,
   editor = {{Ballester}, P. and {Egret}, D. and {Lorente}, N.~P.~F.},
    month = sep,
    pages = {201},
   adsurl = {http://adsabs.harvard.edu/abs/2012ASPC..461..201N},
  adsnote = {Provided by the SAO/NASA Astrophysics Data System}
}

@ARTICLE{1987PASP...99.1360M,
   author = {{Martin}, H.~M.},
    title = "{Image motion as a measure of seeing quality}",
  journal = {\pasp},
 keywords = {Atmospheric Effects, Image Motion Compensation, Image Resolution, Quality Control, Spectroscopic Telescopes, Atmospheric Turbulence, Exposure, Site Selection, Time Dependence},
     year = 1987,
    month = dec,
   volume = 99,
    pages = {1360-1370},
      doi = {10.1086/132126},
   adsurl = {http://adsabs.harvard.edu/abs/1987PASP...99.1360M},
  adsnote = {Provided by the SAO/NASA Astrophysics Data System}
}

@ARTICLE{2002PASP..114.1156T,
   author = {{Tokovinin}, A.},
    title = "{From Differential Image Motion to Seeing}",
  journal = {\pasp},
 keywords = {Atmospheric Effects, Site Testing},
     year = 2002,
    month = oct,
   volume = 114,
    pages = {1156-1166},
      doi = {10.1086/342683},
   adsurl = {http://adsabs.harvard.edu/abs/2002PASP..114.1156T},
  adsnote = {Provided by the SAO/NASA Astrophysics Data System}
}

@ARTICLE{1965JOSA...55.1427F,
   author = {{Fried}, D.~L.},
    title = "{Statistics of a Geometric Representation of Wavefront Distortion}",
  journal = {Journal of the Optical Society of America (1917-1983)},
     year = 1965,
    month = nov,
   volume = 55,
    pages = {1427-1431},
   adsurl = {http://adsabs.harvard.edu/abs/1965JOSA...55.1427F},
  adsnote = {Provided by the SAO/NASA Astrophysics Data System}
}

@ARTICLE{2000ApOpt..39.5415Z,
   author = {{Ziad}, A. and {Conan}, R. and {Tokovinin}, A. and {Martin}, F. and 
	{Borgnino}, J.},
    title = "{From the Grating Scale Monitor to the Generalized Seeing Monitor}",
  journal = {\ao},
     year = 2000,
    month = oct,
   volume = 39,
    pages = {5415-5425},
      doi = {10.1364/AO.39.005415},
   adsurl = {http://adsabs.harvard.edu/abs/2000ApOpt..39.5415Z},
  adsnote = {Provided by the SAO/NASA Astrophysics Data System}
}

@MISC{ebustos,
  author = "Bustos, Edison",
  year = 2018,
  date = "2018-03-21",
  howpublished = "personal communication"
}

@book{cryer_time_2008,
	title = {Time {Series} {Analysis}: {With} {Applications} in {R}},
	isbn = {978-0-387-75959-3},
	shorttitle = {Time {Series} {Analysis}},
	language = {en},
	publisher = {Springer Science \& Business Media},
	author = {Cryer, Jonathan D. and Chan, Kung-Sik},
	month = mar,
	year = {2008}
}

@ARTICLE{2009ApJ...698..895K,
   author = {{Kelly}, B.~C. and {Bechtold}, J. and {Siemiginowska}, A.},
    title = "{Are the Variations in Quasar Optical Flux Driven by Thermal Fluctuations?}",
  journal = {\apj},
archivePrefix = "arXiv",
   eprint = {0903.5315},
 primaryClass = "astro-ph.CO",
 keywords = {accretion, accretion disks, galaxies: active, methods: data analysis, quasars: general},
     year = 2009,
    month = jun,
   volume = 698,
      eid = {895-910},
    pages = {895-910},
      doi = {10.1088/0004-637X/698/1/895},
   adsurl = {http://adsabs.harvard.edu/abs/2009ApJ...698..895K},
  adsnote = {Provided by the SAO/NASA Astrophysics Data System}
}

@inproceedings{seabold2010statsmodels,
  title={Statsmodels: Econometric and statistical modeling with python},
  author={Seabold, Skipper and Perktold, Josef},
  booktitle={9th Python in Science Conference},
  year={2010}
}

@book{brockwell_introduction_1996,
	title = {Introduction to {Time} {Series} and {Forecasting}},
	isbn = {978-1-4757-2528-5},
	language = {en},
	publisher = {Springer Science \& Business Media},
	author = {Brockwell, Peter J. and Davis, Richard A.},
	year = {1996},
	keywords = {Mathematics / Probability \& Statistics / General, Mathematics / Probability \& Statistics / Stochastic Processes}
}

%{% endraw %}
