% lsstdesc.bib
% !! DO NOT EDIT! !!
% This file is maintained by the LSST DESC pub board, semi-automatically.

% LSST DESC papers:

@ARTICLE{Mao1709.09665,
   author = {{Mao}, Y.-Y. and {Kovacs}, E. and {Heitmann}, K. and {Uram}, T.~D. and 
	{Benson}, A.~J. and {Campbell}, D. and {Cora}, S.~A. and {DeRose}, J. and 
	{Di Matteo}, T. and {Habib}, S. and {Hearin}, A.~P. and {Bryce Kalmbach}, J. and 
	{Krughoff}, K.~S. and {Lanusse}, F. and {Luki{\'c}}, Z. and 
	{Mandelbaum}, R. and {Newman}, J.~A. and {Padilla}, N. and {Paillas}, E. and 
	{Pope}, A. and {Ricker}, P.~M. and {Ruiz}, A.~N. and {Tenneti}, A. and 
	{Vega-Mart{\'{\i}}nez}, C.~A. and {Wechsler}, R.~H. and {Zhou}, R. and 
	{Zu}, Y. and {The LSST Dark Energy Science Collaboration}},
    title = "{DESCQA: An Automated Validation Framework for Synthetic Sky Catalogs}",
  journal = {\apjs},
archivePrefix = "arXiv",
   eprint = {1709.09665},
 primaryClass = "astro-ph.IM",
 keywords = {large-scale structure of universe, methods: numerical },
     year = 2018,
    month = feb,
   volume = 234,
      eid = {36},
    pages = {36},
      doi = {10.3847/1538-4365/aaa6c3},
   adsurl = {http://adsabs.harvard.edu/abs/2018ApJS..234...36M},
  adsnote = {Provided by the SAO/NASA Astrophysics Data System}
}

@ARTICLE{Leonard1802.08263,
   author = {{Leonard}, C.~D. and {Mandelbaum}, R.},
    title = "{Measuring the scale-dependence of intrinsic alignments using multiple shear estimates}",
  journal = {ArXiv e-prints},
archivePrefix = "arXiv",
   eprint = {1802.08263},
 keywords = {Astrophysics - Cosmology and Nongalactic Astrophysics},
     year = 2018,
    month = feb,
   adsurl = {http://adsabs.harvard.edu/abs/2018arXiv180208263L},
  adsnote = {Provided by the SAO/NASA Astrophysics Data System}
}


% Useful LSST / DESC references:

@ARTICLE{WhitePaper,
   author = {{LSST Dark Energy Science Collaboration}},
    title = "{Large Synoptic Survey Telescope: Dark Energy Science Collaboration}",
  journal = {ArXiv e-prints},
archivePrefix = "arXiv",
   eprint = {1211.0310},
 primaryClass = "astro-ph.CO",
 keywords = {Astrophysics - Cosmology and Extragalactic Astrophysics, High Energy Physics - Experiment},
     year = 2012,
    month = nov,
   adsurl = {http://adsabs.harvard.edu/abs/2012arXiv1211.0310L},
  adsnote = {Provided by the SAO/NASA Astrophysics Data System},
collaboration = {LSST Dark Energy Science}
}

@ARTICLE{ScienceBook,
   author = {{LSST Science Collaboration}},
    title = "{LSST Science Book, Version 2.0}",
  journal = {ArXiv e-prints},
archivePrefix = "arXiv",
   eprint = {0912.0201},
 primaryClass = "astro-ph.IM",
 keywords = {Astrophysics - Instrumentation and Methods for Astrophysics, Astrophysics - Cosmology and Extragalactic Astrophysics, Astrophysics - Earth and Planetary Astrophysics, Astrophysics - Galaxy Astrophysics, Astrophysics - Solar and Stellar Astrophysics},
     year = 2009,
    month = dec,
   adsurl = {http://adsabs.harvard.edu/abs/2009arXiv0912.0201L},
  adsnote = {Provided by the SAO/NASA Astrophysics Data System},
collaboration = {LSST Science}
}

@ARTICLE{Overview,
   author = {{Ivezic}, Z. and {Tyson}, J.~A. and others},
    title = "{LSST: from Science Drivers to Reference Design and Anticipated Data Products}",
  journal = {ArXiv e-prints},
archivePrefix = "arXiv",
   eprint = {0805.2366},
 keywords = {Astrophysics},
     year = 2008,
    month = may,
   adsurl = {http://adsabs.harvard.edu/abs/2008arXiv0805.2366I},
  adsnote = {Provided by the SAO/NASA Astrophysics Data System},
collaboration = {LSST}
}
%{% endraw %}
