@online{lsstSRD,
  title={LSST Science Requirements Document},
  author={Ivezi{\'c}, {\v{Z}.} and the LSST Science Collaboration},
  year = {2013},
  url = {http://ls.st/LPM-17}
}

@article{ivezic2008,
  title={LSST: from science drivers to reference design and anticipated data products},
  author={Ivezi\'c, \v{Z}. and Tyson, J.~A. and Acosta, E. and Allsman, R. and Anderson, S.~F. and Andrew, J. and Angel, J.~R.~P. and Axelrod, T.~S. and Barr, J.~D. and Becker, A.~C. and others},
  archivePrefix = "arXiv",
  eprint = {0805.2366v4},
  year={2008}
}

@article{abell2009,
  title={LSST Science Book, Version 2.0},
  author={Abell, P.~A. and Allison, J. and Anderson, S.~F. and Andrew, J.~R. and Angel, J.~R.~P. and Armus, L. and Arnett, D. and Asztalos, S.~J. and Axelrod, T.~S. and Bailey, S and others},
  archivePrefix = "arXiv",
  eprint = {0912.0201},
  year={2009}
}

@INPROCEEDINGS{delgado2014,
   author = {{Delgado}, F. and {Saha}, A. and {Chandrasekharan}, S. and {Cook}, K. and {Petry}, C. and {Ridgway}, S.},
    title = "{The LSST operations simulator}",
    series = {Society of Photo-Optical Instrumentation Engineers (SPIE) Conference Series},
    booktitle = {Modeling, Systems Engineering, and Project Management for Astronomy VI},
    editor = {George Z. Angeli and Philippe Dierickx},
    year = {2014},
    volume = 9150,
    eid = {915015},
    pages = {15},
    doi = {10.1117/12.2056898},
    adsurl = {http://adsabs.harvard.edu/abs/2014SPIE.9150E..15D},
   adsnote = {Provided by the SAO/NASA Astrophysics Data System}
}

@INPROCEEDINGS{jones2014,
   author = {{Jones}, R.~L. and {Yoachim}, P. and {Chandrasekharan}, S. and {Connolly}, A.~J. and {Cook}, K.~H. and {Ivezic}, {\v Z}. and  {Krughoff}, K.~S. and {Petry}, C. and {Ridgway}, S.~T.},
    title = "{The LSST metrics analysis framework (MAF)}",
    series = {Society of Photo-Optical Instrumentation Engineers (SPIE) Conference Series},
    booktitle = {Observatory Operations: Strategies, Processes, and Systems V},
    editor = {Alison B. Peck and Chris R. Benn and Robert L. Seaman},
    year = 2014,
    volume = 9149,
    eid = {91490B},
    pages = {0},
    doi = {10.1117/12.2056835},
    adsurl = {http://adsabs.harvard.edu/abs/2014SPIE.9149E..0BJ},
   adsnote = {Provided by the SAO/NASA Astrophysics Data System}
}
